<record xmlns='http://www.loc.gov/MARC21/slim'><leader>02569cei a2200517 i 4500</leader><controlfield tag='001'>7578923</controlfield><controlfield tag='005'>20181107165723.0</controlfield><controlfield tag='006'>m     o  c s      </controlfield><controlfield tag='007'>cr cn ---ann|n</controlfield><controlfield tag='007'>az cznzn</controlfield><controlfield tag='008'>180226c2013    acai      a  so 1   eng  </controlfield><datafield ind1='0' ind2=' ' tag='034'><subfield code='a'>a</subfield><subfield code='d'>E1490356</subfield><subfield code='e'>E1490428</subfield><subfield code='f'>S0351707</subfield><subfield code='g'>S0351728</subfield><subfield code='2'>bound</subfield></datafield><datafield ind1=' ' ind2=' ' tag='035'><subfield code='a'>7578923</subfield></datafield><datafield ind1=' ' ind2=' ' tag='040'><subfield code='a'>ANL</subfield><subfield code='b'>eng</subfield><subfield code='e'>rda</subfield></datafield><datafield ind1=' ' ind2=' ' tag='042'><subfield code='a'>anuc</subfield></datafield><datafield ind1=' ' ind2=' ' tag='043'><subfield code='a'>u-at-ac</subfield></datafield><datafield ind1='2' ind2=' ' tag='045'><subfield code='b'>d2013</subfield></datafield><datafield ind1='2' ind2=' ' tag='110'><subfield code='a'>National Arboretum Canberra,</subfield><subfield code='e'>cartographer,</subfield><subfield code='e'>issuing body.</subfield></datafield><datafield ind1='1' ind2='0' tag='245'><subfield code='a'>National Arboretum Canberra :</subfield><subfield code='b'>[map showing list of forests]</subfield></datafield><datafield ind1=' ' ind2=' ' tag='255'><subfield code='a'>Scale not given</subfield><subfield code='c'>(E 149°03ʹ56ʺ--E 149°04ʹ28ʺ/S 35°17ʹ07ʺ--S 35°17ʹ28ʺ).</subfield></datafield><datafield ind1=' ' ind2='1' tag='264'><subfield code='a'>Canberra, Australian Capital Territory :</subfield><subfield code='b'>National Arboretum Canberra,</subfield><subfield code='c'>2013-</subfield></datafield><datafield ind1=' ' ind2=' ' tag='300'><subfield code='a'>1 online resource (1 map) :</subfield><subfield code='b'>colour.</subfield></datafield><datafield ind1=' ' ind2=' ' tag='336'><subfield code='a'>cartographic image</subfield><subfield code='2'>rdacontent</subfield></datafield><datafield ind1=' ' ind2=' ' tag='336'><subfield code='a'>text</subfield><subfield code='2'>rdacontent</subfield></datafield><datafield ind1=' ' ind2=' ' tag='337'><subfield code='a'>computer</subfield><subfield code='2'>rdamedia</subfield></datafield><datafield ind1=' ' ind2=' ' tag='338'><subfield code='a'>online resource</subfield><subfield code='2'>rdacarrier</subfield></datafield><datafield ind1=' ' ind2=' ' tag='347'><subfield code='a'>image file</subfield><subfield code='b'>PDF</subfield><subfield code='2'>rda</subfield></datafield><datafield ind1=' ' ind2=' ' tag='500'><subfield code='a'>Map of National Arboretum Canberra showing list of forests, Arboretum walking trails, Centenary Trail, Bicentennial Trail, roads, equestrian access, pedestrian and cyclist access, and tourist information. Relief shown pictorially.</subfield></datafield><datafield ind1=' ' ind2=' ' tag='500'><subfield code='a'>Title from map (viewed on 26 February 2018)</subfield></datafield><datafield ind1=' ' ind2=' ' tag='500'><subfield code='a'>Description based on 21 November 2013 archive date.</subfield></datafield><datafield ind1=' ' ind2=' ' tag='500'><subfield code='a'>File name and map title may differ.</subfield></datafield><datafield ind1=' ' ind2=' ' tag='500'><subfield code='a'>Includes index to forest species and trail notes with distance, time and difficulty.</subfield></datafield><datafield ind1=' ' ind2=' ' tag='538'><subfield code='a'>Mode of access: Available online. Address as at 26/02/2018:</subfield><subfield code='u'>https://www.nationalarboretum.act.gov.au/visit/getting-here/maps</subfield></datafield><datafield ind1=' ' ind2=' ' tag='583'><subfield code='a'>Selected for archiving.</subfield><subfield code='5'>ANL</subfield></datafield><datafield ind1='2' ind2='0' tag='610'><subfield code='a'>National Arboretum Canberra</subfield><subfield code='v'>Maps.</subfield></datafield><datafield ind1=' ' ind2='0' tag='650'><subfield code='a'>Arboretums</subfield><subfield code='z'>Australian Capital Territory</subfield><subfield code='z'>Canberra</subfield><subfield code='v'>Maps.</subfield></datafield><datafield ind1=' ' ind2='0' tag='650'><subfield code='a'>Forests and forestry</subfield><subfield code='z'>Australian Capital Territory</subfield><subfield code='z'>Canberra</subfield><subfield code='v'>Maps.</subfield></datafield><datafield ind1=' ' ind2='0' tag='650'><subfield code='a'>Trails</subfield><subfield code='z'>Australian Capital Territory</subfield><subfield code='z'>Canberra</subfield><subfield code='v'>Maps.</subfield></datafield><datafield ind1=' ' ind2='0' tag='650'><subfield code='a'>Hiking</subfield><subfield code='z'>Australian Capital Territory</subfield><subfield code='z'>Canberra</subfield><subfield code='v'>Maps.</subfield></datafield><datafield ind1=' ' ind2='0' tag='651'><subfield code='a'>Canberra (A.C.T.)</subfield><subfield code='v'>Maps.</subfield></datafield><datafield ind1=' ' ind2='7' tag='655'><subfield code='a'>Digital maps.</subfield><subfield code='2'>lcgft</subfield></datafield><datafield ind1=' ' ind2='7' tag='655'><subfield code='a'>Tourist maps.</subfield><subfield code='2'>lcgft</subfield></datafield><datafield ind1=' ' ind2='0' tag='830'><subfield code='a'>PANDORA electronic collection.</subfield></datafield><datafield ind1='4' ind2='0' tag='856'><subfield code='z'>Publisher site</subfield><subfield code='u'>https://www.nationalarboretum.act.gov.au/visit/getting-here/maps</subfield></datafield><datafield ind1='4' ind2='1' tag='856'><subfield code='z'>Archived at ANL</subfield><subfield code='u'>http://nla.gov.au/nla.arc-137123</subfield></datafield><datafield ind1='4' ind2='0' tag='856'><subfield code='z'>Archived map:</subfield><subfield code='u'>http://pandora.nla.gov.au/pan/137123/20131121-0001/www.nationalarboretum.act.gov.au/__data/assets/pdf_file/0008/463472/FINAL-FOREST-MAP-AND-LIST-12-MAY-2013.pdf</subfield></datafield><datafield ind1='f' ind2='f' tag='999'><subfield code='i'>824587fb-5667-5d47-b3bb-f101bd2935ae</subfield><subfield code='s'>3e26cd8a-9560-541d-a573-18bc47ce7773</subfield></datafield><datafield ind1='f' ind2='f' tag='952'><subfield code='a'>National Library of Australia</subfield><subfield code='b'>Parkes</subfield><subfield code='c'>Parkes</subfield><subfield code='d'>Use &apos;Online Access&apos; link in record (ELECAUS)</subfield><subfield code='e'>Internet</subfield><subfield code='h'>Other scheme</subfield><subfield code='i'>Monograph</subfield><subfield code='m'>1a713239-6a59-5ca3-9e47-f2e3b618a36b</subfield></datafield></record>